@article{isora,
    author = "W. Crandall and E. Gavin and A. Masters",
    title = "ISORA 2018: Understanding Revenue Administration",
    volume = "322",
    journal = "International Monetary Fund",
    year = "2021"
}

@article{kaplow,
    author = "L. Kaplow",
    title = "Optimal taxation with costly enforcement and evasion",
    journal = "Journal of Public Economics",
    volume = "43",
    number = "2",
    pages = "221-236",
    year = "1990"
}